34100000         112345678901234aaaaaaaaaaaaaaaaaaaa12345612345678901278                                                                      12023090712345600000110312345                                                                     
34100011R01  060 1123456789012345aaaaaaaaaaaaaaaaaaaa12345612345678901278                                                                                                              000000012023090720230914                                 
3410001300001P 01123456000000000000780000000000000000000011C120000000000000000101202400000000000000054321901N01012024101012024000000000000000101012024000000000000000000000000000000000000000000000aaaaaaaaaaaaaaaaaaaaaaaaa1022005091234567890 
3410001300001Q 011000000000000000aaaaaaaaaaaaaaaaaaaaaaaaaaaaaaaaaaaaaaaaaaaaaaaaaaaaaaaaaaaaaaaaaaaaaaaaaaaaaaaaaaaaaaaaaaaaaaa12345678aaaaaaaaaaaaaaaSP1123456789012345aaaaaaaaaaaaaaaaaaaaaaaaaaaaaaaaaaaaaaaa00112345678901234567890        
3410001300001R 01101022024000000000000000220230915000000000000000A20230920000000000000000aaaaaaaaaaaaaaaaaaaaaaaaaaaaaaaaaaaaaaaaaaaaaaaaaaaaaaaaaaaaaaaaaaaaaaaaaaaaaaaaaaaaaaaaaa                    00000001001123456123456789012781         
3410001300001P 01123456000000000000780000000000000000000011C120000000000000000101202400000000000000054321901N01012024101012024000000000000000101012024000000000000000000000000000000000000000000000aaaaaaaaaaaaaaaaaaaaaaaaa1022005091234567890 
3410001300001Q 011000000000000000aaaaaaaaaaaaaaaaaaaaaaaaaaaaaaaaaaaaaaaaaaaaaaaaaaaaaaaaaaaaaaaaaaaaaaaaaaaaaaaaaaaaaaaaaaaaaaa12345678aaaaaaaaaaaaaaaSP1123456789012345aaaaaaaaaaaaaaaaaaaaaaaaaaaaaaaaaaaaaaaa00112345678901234567890        
3410001300001R 01101022024000000000000000220230915000000000000000A20230920000000000000000aaaaaaaaaaaaaaaaaaaaaaaaaaaaaaaaaaaaaaaaaaaaaaaaaaaaaaaaaaaaaaaaaaaaaaaaaaaaaaaaaaaaaaaaaa                    00000001001123456123456789012781         
3410001300001P 01123456000000000000780000000000000000000011C120000000000000000101202400000000000000054321901N01012024101012024000000000000000101012024000000000000000000000000000000000000000000000aaaaaaaaaaaaaaaaaaaaaaaaa1022005091234567890 
3410001300001Q 011000000000000000aaaaaaaaaaaaaaaaaaaaaaaaaaaaaaaaaaaaaaaaaaaaaaaaaaaaaaaaaaaaaaaaaaaaaaaaaaaaaaaaaaaaaaaaaaaaaaa12345678aaaaaaaaaaaaaaaSP1123456789012345aaaaaaaaaaaaaaaaaaaaaaaaaaaaaaaaaaaaaaaa00112345678901234567890        
3410001300001R 01101022024000000000000000220230915000000000000000A20230920000000000000000aaaaaaaaaaaaaaaaaaaaaaaaaaaaaaaaaaaaaaaaaaaaaaaaaaaaaaaaaaaaaaaaaaaaaaaaaaaaaaaaaaaaaaaaaa                    00000001001123456123456789012781         
3410001300001P 01123456000000000000780000000000000000000011C120000000000000000101202400000000000000054321901N01012024101012024000000000000000101012024000000000000000000000000000000000000000000000aaaaaaaaaaaaaaaaaaaaaaaaa1022005091234567890 
3410001300001Q 011000000000000000aaaaaaaaaaaaaaaaaaaaaaaaaaaaaaaaaaaaaaaaaaaaaaaaaaaaaaaaaaaaaaaaaaaaaaaaaaaaaaaaaaaaaaaaaaaaaaa12345678aaaaaaaaaaaaaaaSP1123456789012345aaaaaaaaaaaaaaaaaaaaaaaaaaaaaaaaaaaaaaaa00112345678901234567890        
3410001300001R 01101022024000000000000000220230915000000000000000A20230920000000000000000aaaaaaaaaaaaaaaaaaaaaaaaaaaaaaaaaaaaaaaaaaaaaaaaaaaaaaaaaaaaaaaaaaaaaaaaaaaaaaaaaaaaaaaaaa                    00000001001123456123456789012781         
3410001300001P 01123456000000000000780000000000000000000011C120000000000000000101202400000000000000054321901N01012024101012024000000000000000101012024000000000000000000000000000000000000000000000aaaaaaaaaaaaaaaaaaaaaaaaa1022005091234567890 
3410001300001Q 011000000000000000aaaaaaaaaaaaaaaaaaaaaaaaaaaaaaaaaaaaaaaaaaaaaaaaaaaaaaaaaaaaaaaaaaaaaaaaaaaaaaaaaaaaaaaaaaaaaaa12345678aaaaaaaaaaaaaaaSP1123456789012345aaaaaaaaaaaaaaaaaaaaaaaaaaaaaaaaaaaaaaaa00112345678901234567890        
3410001300001R 01101022024000000000000000220230915000000000000000A20230920000000000000000aaaaaaaaaaaaaaaaaaaaaaaaaaaaaaaaaaaaaaaaaaaaaaaaaaaaaaaaaaaaaaaaaaaaaaaaaaaaaaaaaaaaaaaaaa                    00000001001123456123456789012781         
3410001300001P 01123456000000000000780000000000000000000011C120000000000000000101202400000000000000054321901N01012024101012024000000000000000101012024000000000000000000000000000000000000000000000aaaaaaaaaaaaaaaaaaaaaaaaa1022005091234567890 
3410001300001Q 011000000000000000aaaaaaaaaaaaaaaaaaaaaaaaaaaaaaaaaaaaaaaaaaaaaaaaaaaaaaaaaaaaaaaaaaaaaaaaaaaaaaaaaaaaaaaaaaaaaaa12345678aaaaaaaaaaaaaaaSP1123456789012345aaaaaaaaaaaaaaaaaaaaaaaaaaaaaaaaaaaaaaaa00112345678901234567890        
3410001300001R 01101022024000000000000000220230915000000000000000A20230920000000000000000aaaaaaaaaaaaaaaaaaaaaaaaaaaaaaaaaaaaaaaaaaaaaaaaaaaaaaaaaaaaaaaaaaaaaaaaaaaaaaaaaaaaaaaaaa                    00000001001123456123456789012781         
3410001300001P 01123456000000000000780000000000000000000011C120000000000000000101202400000000000000054321901N01012024101012024000000000000000101012024000000000000000000000000000000000000000000000aaaaaaaaaaaaaaaaaaaaaaaaa1022005091234567890 
3410001300001Q 011000000000000000aaaaaaaaaaaaaaaaaaaaaaaaaaaaaaaaaaaaaaaaaaaaaaaaaaaaaaaaaaaaaaaaaaaaaaaaaaaaaaaaaaaaaaaaaaaaaaa12345678aaaaaaaaaaaaaaaSP1123456789012345aaaaaaaaaaaaaaaaaaaaaaaaaaaaaaaaaaaaaaaa00112345678901234567890        
3410001300001R 01101022024000000000000000220230915000000000000000A20230920000000000000000aaaaaaaaaaaaaaaaaaaaaaaaaaaaaaaaaaaaaaaaaaaaaaaaaaaaaaaaaaaaaaaaaaaaaaaaaaaaaaaaaaaaaaaaaa                    00000001001123456123456789012781         
3410001300001P 01123456000000000000780000000000000000000011C120000000000000000101202400000000000000054321901N01012024101012024000000000000000101012024000000000000000000000000000000000000000000000aaaaaaaaaaaaaaaaaaaaaaaaa1022005091234567890 
3410001300001Q 011000000000000000aaaaaaaaaaaaaaaaaaaaaaaaaaaaaaaaaaaaaaaaaaaaaaaaaaaaaaaaaaaaaaaaaaaaaaaaaaaaaaaaaaaaaaaaaaaaaaa12345678aaaaaaaaaaaaaaaSP1123456789012345aaaaaaaaaaaaaaaaaaaaaaaaaaaaaaaaaaaaaaaa00112345678901234567890        
3410001300001R 01101022024000000000000000220230915000000000000000A20230920000000000000000aaaaaaaaaaaaaaaaaaaaaaaaaaaaaaaaaaaaaaaaaaaaaaaaaaaaaaaaaaaaaaaaaaaaaaaaaaaaaaaaaaaaaaaaaa                    00000001001123456123456789012781         
3410001300001P 01123456000000000000780000000000000000000011C120000000000000000101202400000000000000054321901N01012024101012024000000000000000101012024000000000000000000000000000000000000000000000aaaaaaaaaaaaaaaaaaaaaaaaa1022005091234567890 
3410001300001Q 011000000000000000aaaaaaaaaaaaaaaaaaaaaaaaaaaaaaaaaaaaaaaaaaaaaaaaaaaaaaaaaaaaaaaaaaaaaaaaaaaaaaaaaaaaaaaaaaaaaaa12345678aaaaaaaaaaaaaaaSP1123456789012345aaaaaaaaaaaaaaaaaaaaaaaaaaaaaaaaaaaaaaaa00112345678901234567890        
3410001300001R 01101022024000000000000000220230915000000000000000A20230920000000000000000aaaaaaaaaaaaaaaaaaaaaaaaaaaaaaaaaaaaaaaaaaaaaaaaaaaaaaaaaaaaaaaaaaaaaaaaaaaaaaaaaaaaaaaaaa                    00000001001123456123456789012781         
3410001300001P 01123456000000000000780000000000000000000011C120000000000000000101202400000000000000054321901N01012024101012024000000000000000101012024000000000000000000000000000000000000000000000aaaaaaaaaaaaaaaaaaaaaaaaa1022005091234567890 
3410001300001Q 011000000000000000aaaaaaaaaaaaaaaaaaaaaaaaaaaaaaaaaaaaaaaaaaaaaaaaaaaaaaaaaaaaaaaaaaaaaaaaaaaaaaaaaaaaaaaaaaaaaaa12345678aaaaaaaaaaaaaaaSP1123456789012345aaaaaaaaaaaaaaaaaaaaaaaaaaaaaaaaaaaaaaaa00112345678901234567890        
3410001300001R 01101022024000000000000000220230915000000000000000A20230920000000000000000aaaaaaaaaaaaaaaaaaaaaaaaaaaaaaaaaaaaaaaaaaaaaaaaaaaaaaaaaaaaaaaaaaaaaaaaaaaaaaaaaaaaaaaaaa                    00000001001123456123456789012781         
34199999         000001000002000003                                                                                                                                                                                                             
34100015         00001000002000000000000000000000030000000000000000000000400000000000000000000005000000000000000000Aviso123                                                                                                                     
